@article{mirkin2021quantum,
  title = {Quantum chaos, equilibration, and control in extremely short spin chains},
  author = {Mirkin, Nicol\'as and Wisniacki, Diego},
  journal = {Phys. Rev. E},
  volume = {103},
  issue = {2},
  pages = {L020201},
  numpages = {6},
  year = {2021},
  month = {Feb},
  publisher = {American Physical Society},
  doi = {10.1103/PhysRevE.103.L020201},
  url = {https://link.aps.org/doi/10.1103/PhysRevE.103.L020201}
}